@Book{OSTIS,
    Title = {Открытая технология онтологического проектирования, производства и эксплуатация семантически совместимых гибридных интеллектуальных компьютерных систем},
    Author = {Голенков, В. В. and Гулякина, Н. А. and Шункевич, Д. В.},
    Publisher = {Бестпринт},
    page = {690},
    year = {2021},
    isbn = {9789857267132},
    language = {russian}
}

@Book{Phister,
  Title                    = {Component Software},
  Author                   = {Phister, C.},
  Year                     = {1997},
  Pages                  = {3, 44},
  language = {english}
}

@book{euzenat2013d,
        author          =       {J\'er\^ome Euzenat and Pavel Shvaiko},
        title           =       {Ontology matching},
        edition         =       {2nd},
        language        =       {english},
        page            =       520,
        publisher       =       {Springer-Verlag},
        address         =       {Heidelberg (DE)},
        year            =       2013
}

@article{shunkevich1,
    author = {Шункевич, Д. В.},
    title = {Многоагентный подход к построению машин обработки знаний на основе семантических сетей},
    language = {russian},
    year = {2013},
    journal = {Кибернетика и программирование}
}

@article{golenkov1,
    author = {Голенков, В. В. and Гулякина, Н.А. and Давыденко, И. Т. and Шункевич, Д. В.},
    title = {Семантические технологии проектирования интеллектуальных систем и семантические ассоциативные компьютеры},
    language = {russian},
    city = {Минск},
    year = {2019},
    number = {3},
    journal = {Доклады БГУИР}
}

@article{golenkov2,
    author = {Голенков, В. В. and Гулякина, Н. А.},
    title = {Семантическая технология компонентого проектирования систем, управляемых знаниями},
    city = {Минск},
    year = {2015},
    language = {russian}
}

@article{davydenko1,
    author = {Давыденко, И. Т.},
    title = {Модели, методика и средства разработки гибридных баз знаний на основе семантической совместимости многократно используемых компонентов},
    city = {Минск},
    year = {2019},
    language = {russian}
}

@article{golenkov3,
    author = {Голенков, В. В. and Гулякина, Н. А.},
    title = {Проект открытой семантической технологии компонентного проектирования интеллектуальных систем. Часть 2: Унифицированные модели проектирования},
    journal = {Онтология проектирования},
    year = {2014},
    language = {russian}
}

@article{ivashenko1,
    author = {Ивашенко, В. П.},
    title = {Модели и алгоритмы интеграции знаний на основе однородных семантических сетей},
    city = {Минск}
    year = {2015},
    language = {russian}
}

@article{golenkov4,
    author = {Голенков, В. В. and Гулякина, Н. А. and Давыденко, И. Т. and Шункевич, Д. В. and Еремеев, А. П.},
    title = {Онтологическое проектирование гибридных семантически совместимых интеллектуальных систем на основе смыслового представления знаний},
    journal = {Онтология проектирования},
    year = {2019},
    language = {russian}
}

@article{shunkevich2,
    author = {Шункевич, Д. В.},
    title = {Машина обработки знаний интеллектуальной метасистемы поддержки проектирования интеллектуальных систем},
    city = {Минск},
    year = {2014},
    journal = {Материалы IV международной научно-технической конференции OSTIS},
    language = {russian}
}

@book{jones2016garbage,
  title={The Garbage Collection Handbook: The Art of Automatic Memory Management},
  author={Jones, R. and Hosking, A. and Moss, E.},
  isbn={9781315388014},
  series={"International Perspectives on Science, Culture and Society"},
  year={2016},
  publisher={CRC Press},
  language = {english}
}

@book{wooldridge2002introduction,
  title={An Introduction to MultiAgent Systems},
  author={Wooldridge, M.},
  isbn={9780471496915},
  lccn={2001055949},
  year={2002},
  publisher={Wiley},
  language = {english}
}




@Book{а,
  Title                    = {Агентно-ориентированные модели, методика и средства разработки совместимых
решателей задач интеллектуальных систем//Программные продукты и
системы},
  Author                   = {В. В. Голенков
and Д. В. Шункевич},
  Year                     = {2020},
  City                     = {Москва},
  Pages                  = {404-412}
}
 
@Book{б,
  Title                    = {Исскуственный интеллект. Книга 2. Модели и методы},
  Author                   = {Д. А. Поспелов},
  Publisher                = {Радио и связь},
  Year                     = {1990},
  City                     = {Москва},
  numpages                  = {304}
} 

@Book{в,
  Title                    = {Принципы построения решателей задач в прикладных интеллектуальных системах},
  Author                   = {С. В. Якимчик
and Д. В. Шункевич},
  Publisher                = {БГУИР},
  City                     = {Минск},
  numpages                  = {2}
} 

@book{г,
    author          = {В. В. Голенков and
 Н. А. Гулякина
and Н. В. Гракова
and И. Т. Давыденко
and И. И. Жуков
and Д. В. Шункевич},
    title           = {Модели решения задач в интеллектуальных системах},
    year            = {2015},
    address         = {Минск},
    publisher       = {БГУИР},
    numpages        = {70},
} 